
@book{chika97,
	author={S. Chikazumi},
	year={1997},
	title={{Physics of Ferromagnetism}},
	publisher={Oxford University Press, USA}
}

@article{yon1958computer,
  title={The computer and the brain},
  author={Yon Neumann, John},
  journal={New Haven, Conn.: Yale Uni},
  year={1958}
}

@article{poon2011neuromorphic,
  title={Neuromorphic silicon neurons and large-scale neural networks: challenges and opportunities},
  author={Poon, Chi-Sang and Zhou, Kuan},
  journal={Frontiers in neuroscience},
  volume={5},
  pages={108},
  year={2011},
  publisher={Frontiers Research Foundation}
}

@inproceedings{roy2020energy,
  title={Energy-efficient multiferroic spin-devices and spin-circuits},
  author={Roy, Kuntal},
  booktitle={Spin},
  volume={10},
  number={04},
  pages={2030001},
  year={2020},
  organization={World Scientific}
}

@inproceedings{roy2017spintronics,
  title={Spintronics: recent developments on ultra-low-energy, area-efficient, and fast spin-devices and spin-circuits},
  author={Roy, Kuntal},
  booktitle={TechConnect Briefs (NanoTech) 2017,},
  volume={5},
  pages={51--54},
  year={2017}
}

@article{roy2017ultralow,
  title={Ultralow energy analog straintronics using multiferroic composites},
  author={Roy, Kuntal},
  journal={IEEE Transactions on Nanotechnology},
  volume={16},
  number={2},
  pages={333--346},
  year={2017},
  publisher={IEEE}
}

@article{baibich1988giant,
  title={Giant magnetoresistance of (001) Fe/(001) Cr magnetic superlattices},
  author={Baibich, Mario Norberto and Broto, Jean Marc and Fert, Albert and Van Dau, F Nguyen and Petroff, Fr{\'e}d{\'e}ric and Etienne, P and Creuzet, G and Friederich, A and Chazelas, J},
  journal={Physical review letters},
  volume={61},
  number={21},
  pages={2472},
  year={1988},
  publisher={APS}
}

@article{binasch1989enhanced,
  title={Enhanced magnetoresistance in layered magnetic structures with antiferromagnetic interlayer exchange},
  author={Binasch, Gr{\"u}nberg and Gr{\"u}nberg, Peter and Saurenbach, F and Zinn, W},
  journal={Physical review B},
  volume={39},
  number={7},
  pages={4828},
  year={1989},
  publisher={APS}
}

@article{julliere1975tunneling,
  title={Tunneling between ferromagnetic films},
  author={Julliere, Michel},
  journal={Physics letters A},
  volume={54},
  number={3},
  pages={225--226},
  year={1975},
  publisher={Elsevier}
}

@article{moodera1995large,
  title={Large magnetoresistance at room temperature in ferromagnetic thin film tunnel junctions},
  author={Moodera, Jagadeesh Subbaiah and Kinder, Lisa R and Wong, Terrilyn M and Meservey, R},
  journal={Physical review letters},
  volume={74},
  number={16},
  pages={3273},
  year={1995},
  publisher={APS}
}

@article{miwa2014highly,
  title={Highly sensitive nanoscale spin-torque diode},
  author={Miwa, S and Ishibashi, S and Tomita, H and Nozaki, T and Tamura, E and Ando, K and Mizuochi, N and Saruya, T and Kubota, H and Yakushiji, K and others},
  journal={Nature materials},
  volume={13},
  number={1},
  pages={50--56},
  year={2014},
  publisher={Nature Publishing Group}
}

@article{ikeda2010perpendicular,
  title={A perpendicular-anisotropy CoFeB--MgO magnetic tunnel junction},
  author={Ikeda, S and Miura, K and Yamamoto, H and Mizunuma, K and Gan, HD and Endo, M and Kanai, Sl and Hayakawa, J and Matsukura, F and Ohno, H},
  journal={Nature materials},
  volume={9},
  number={9},
  pages={721--724},
  year={2010},
  publisher={Nature Publishing Group}
}

@article{RefWorks:164,
     author={W. Eerenstein and N. D. Mathur and J. F. Scott},
     year={2006},
     title={Multiferroic and magnetoelectric materials},
     journal={Nature},
     volume={442},
     number={7104},
     pages={759-765}
}

@article{RefWorks:165,
     author={C. W. Nan and M. I. Bichurin and S. Dong and D. Viehland
and G. Srinivasan},
     year={2008},
     title={Multiferroic magnetoelectric composites: Historical
perspective, status, and future directions},
     journal={J. Appl. Phys.},
     volume={103},
     number={3},
     pages={031101}
}

@article{RefWorks:842,
     author={G. Srinivasan},
     year={2010},
     title={Magnetoelectric composites},
     journal={Annu. Rev. Mater. Res.},
     volume={40},
     pages={153-178}
}


@article{RefWorks:300,
     author={W. J. Gallagher and S. S. P. Parkin},
     year={2006},
     title={Development of the magnetic tunnel junction {MRAM} at {IBM}:
from first junctions to a 16-{Mb} {MRAM} demonstrator chip},
     journal={IBM J. Res. Dev.},
     volume={50},
     number={1},
     pages={5-23}
}

@article{RefWorks:33,
     author={S. S. P. Parkin and C. Kaiser and A. Panchula and P. M.
Rice and B. Hughes and M. G. Samant and S. H. Yang},
     year={2004},
     title={Giant tunnelling magnetoresistance at room temperature with
{MgO} (100) tunnel barriers},
     journal={Nature Mater.},
     volume={3},
     number={12},
     pages={862-867}
}

@article{RefWorks:786,
     author={H. Zhao and A. Lyle and Y. Zhang and P. K. Amiri and G.
Rowlands and Z. Zeng and J. Katine and H. Jiang and K. Galatsis and K.
L. Wang and I. N. Krivorotov and J. P. Wang},
     year={2011},
     title={Low writing energy and sub nanosecond spin torque transfer
switching of in-plane magnetic tunnel junction for spin torque transfer
random access memory},
     journal={J. Appl. Phys.},
     volume={109},
     number={7},
     pages={07C720}
		}







@book{kilby,
     author={J. S. Kilby},
     year={2000},
     title={Turning potential into realities: the invention of the
integrated circuit},
     publisher={Nobel Lecture in Physics, The Nobel Foundation, Sweden}
}

% Refer it for general spintronics

@article{nature_news_art,
     author={News},
     title={Switching up spin},
     journal={Nature},
     volume={476},
     number={375},
     year = {Aug. 25, 2011},
     note={doi:10.1038/476375c}

}

@article{roy15_1,
     author={K. Roy},
     title={Separating read and write units in multiferroic devices},
     journal={Sci. Rep.},
     volume={5},
     pages={10822},
     year = 2015
}

@article{roy15_2,
     author={K. Roy},
     title={Area-Delay-Energy Trade-offs of Strain-Mediated Multiferroic
Devicese},
     journal={IEEE Trans. Magn.},
     volume={51},
     number={6},
     pages={2500808},
     year={2015}
}

@article{roy15_3,
     author={K. Roy},
     title={Electric field-induced magnetization switching in
interface-coupled multiferroic heterostructures: a highly-dense,
non-volatile, and ultra-low-energy computing paradigm},
     journal={J. Phys. D: Appl. Phys.},
     volume={47},
     number={25},
     pages={252002},
     year={2014}
}


% refer it for multiple piezo contancts

@article{roy13x,
     author={K. Roy},
     title={Ultra-low-energy non-volatile straintronic computing using
single multiferroic composites},
     journal={Appl. Phys. Lett.},
     volume={103},
     number={17},
     pages={173110},
     year = 2013
}

% refer it for single-phase multiferroic

@article{roy14_6,
     author={K. Roy},
     title={Dynamical systems study in single-phase multiferroic materials},
     journal={Europhys. Lett.},
     volume={108},
     number={6},
     pages={67002},
     year={2014}
		}


%%%%%%%%%%%%%%%
@book{khr123,
     author={C. Mead},
     year={1989},
     title={ Analog VLSI and Neural Systems},
     publisher={Addison-Wesley, Boston, MA}
}

@book{khr124,
     author={G. Buzsaki},
     year={2011},
     title={ Rhythms of the Brain},
     publisher={Oxford Univ. Press}
}

@article{khr125,
     author={C.-S. Poon and K. Zhou},
     title={Neuromorphic silicon neurons and large-scale
neural networks: challenges and opportunities},
     journal={Frontiers in
Neuroscience},
     volume={108},
     number={5},
     pages={173110},
     year = {2011}
}

@book{hop82,
     author={J. J. Hopfield},
     year={1982},
     title={Neural networks and physical systems with emergent
collective computational abilities},
     publisher={Proc. of National Academy of Science USA}
}
