@book{chika97,
	author={S. Chikazumi},
	year={1997},
	title={{Physics of Ferromagnetism}},
	publisher={Oxford University Press, USA}
}

@article{brown68,
	author={W. F. Brown},
	year={1968},
	title={The Fundamental Theorem of Fine Ferromagnetic Particle Theory},
	journal={J. Appl. Phys.},
	volume={39},
	pages={993}
}
